<record><leader>00000cas a22000007a 4500</leader><controlfield tag="001">19749566</controlfield><controlfield tag="008">890523d19uu192ugauwr ne      0    0eng d</controlfield><datafield ind1=" " ind2=" " tag="010"><subfield code="a">sn 89053645 </subfield></datafield><datafield ind1=" " ind2=" " tag="040"><subfield code="a">NLG</subfield><subfield code="b">eng</subfield><subfield code="c">NLG</subfield><subfield code="d">NVF</subfield><subfield code="d">GUA</subfield><subfield code="d">OCLCQ</subfield><subfield code="d">OCLCF</subfield><subfield code="d">OCLCO</subfield></datafield><datafield ind1="1" ind2=" " tag="029"><subfield code="a">AU@</subfield><subfield code="b">000040824477</subfield></datafield><datafield ind1=" " ind2=" " tag="042"><subfield code="a">msc</subfield></datafield><datafield ind1=" " ind2=" " tag="043"><subfield code="a">n-us-ga</subfield></datafield><datafield ind1="0" ind2="4" tag="245"><subfield code="a">The Leader-tribune and peachland journal.</subfield></datafield><datafield ind1="3" ind2="0" tag="246"><subfield code="a">Semiweekly leader-tribune and Peachtree journal</subfield></datafield><datafield ind1=" " ind2=" " tag="260"><subfield code="a">Fort Valley, Houston County, Ga. :</subfield><subfield code="b">Leader-Tribune Co.</subfield></datafield><datafield ind1=" " ind2=" " tag="310"><subfield code="a">Weekly,</subfield><subfield code="b">Sept. 3, 1920-</subfield></datafield><datafield ind1=" " ind2=" " tag="321"><subfield code="a">Weekly,</subfield><subfield code="b">&lt;Jan. 1, 1920&gt;-Apr. 15, 1920</subfield></datafield><datafield ind1=" " ind2=" " tag="321"><subfield code="a">Semiweekly,</subfield><subfield code="b">Apr. 20-Aug. 27, 1920</subfield></datafield><datafield ind1=" " ind2=" " tag="500"><subfield code="a">Title varies: Semiweekly leader-tribune and Peachtree journal, Apr. 20, 1920-Aug. 27, 1920.</subfield></datafield><datafield ind1=" " ind2=" " tag="530"><subfield code="a">Also on microfilm: Athens, Ga. : University of Georgia Libraries.</subfield></datafield><datafield ind1=" " ind2=" " tag="588"><subfield code="a">Description based on: Vol. 32, no. 6 (Jan. 1, 1920).</subfield></datafield><datafield ind1=" " ind2="0" tag="651"><subfield code="a">Fort Valley (Ga.)</subfield><subfield code="v">Newspapers.</subfield></datafield><datafield ind1=" " ind2="0" tag="651"><subfield code="a">Peach County (Ga.)</subfield><subfield code="v">Newspapers.</subfield></datafield><datafield ind1=" " ind2="7" tag="655"><subfield code="a">Newspapers.</subfield><subfield code="2">fast</subfield><subfield code="0">(OCoLC)fst01423814</subfield></datafield><datafield ind1=" " ind2="7" tag="651"><subfield code="a">Georgia</subfield><subfield code="z">Fort Valley.</subfield><subfield code="2">fast</subfield><subfield code="0">(OCoLC)fst01226932</subfield></datafield><datafield ind1=" " ind2="7" tag="651"><subfield code="a">Georgia</subfield><subfield code="z">Peach County.</subfield><subfield code="2">fast</subfield><subfield code="0">(OCoLC)fst01211880</subfield></datafield><datafield ind1=" " ind2=" " tag="752"><subfield code="a">United States</subfield><subfield code="b">Georgia</subfield><subfield code="c">Peach</subfield><subfield code="d">Fort Valley.</subfield></datafield><datafield ind1=" " ind2=" " tag="752"><subfield code="a">United States</subfield><subfield code="b">Georgia</subfield><subfield code="c">Houston.</subfield></datafield><datafield ind1="0" ind2="0" tag="785"><subfield code="t">Leader-tribune (Fort Valley, Ga.)</subfield><subfield code="w">(DLC)sn 84007013</subfield><subfield code="w">(OCoLC)11171893</subfield></datafield></record>